@inproceedings{kim2012stealthmem,
  title={STEALTHMEM: system-level protection against cache-based side channel attacks in the cloud},
  author={Kim, Taesoo and Peinado, Marcus and Mainar-Ruiz, Gloria},
  booktitle={Presented as part of the 21st USENIX Security Symposium (USENIX Security 12)},
  pages={189--204},
  year={2012}
}

@article{domnitser2012non,
  title={Non-monopolizable caches: Low-complexity mitigation of cache side channel attacks},
  author={Domnitser, Leonid and Jaleel, Aamer and Loew, Jason and Abu-Ghazaleh, Nael and Ponomarev, Dmitry},
  journal={ACM Transactions on Architecture and Code Optimization (TACO)},
  volume={8},
  number={4},
  pages={35},
  year={2012},
  publisher={ACM}
}

@inproceedings{yarom2014flush+,
  title={Flush+ reload: a high resolution, low noise, L3 cache side-channel attack},
  author={Yarom, Yuval and Falkner, Katrina},
  booktitle={23rd USENIX Security Symposium (USENIX Security 14)},
  pages={719--732},
  year={2014}
}

@inproceedings{kong2008deconstructing,
  title={Deconstructing new cache designs for thwarting software cache-based side channel attacks},
  author={Kong, Jingfei and Aciicmez, Onur and Seifert, Jean-Pierre and Zhou, Huiyang},
  booktitle={Proceedings of the 2nd ACM workshop on Computer security architectures},
  pages={25--34},
  year={2008},
  organization={ACM}
}

@inproceedings{kong2009hardware,
  title={Hardware-software integrated approaches to defend against software cache-based side channel attacks},
  author={Kong, Jingfei and Acii{\c{c}}mez, Onur and Seifert, Jean-Pierre and Zhou, Huiyang},
  booktitle={2009 IEEE 15th International Symposium on High Performance Computer Architecture},
  pages={393--404},
  year={2009},
  organization={IEEE}
}

@misc{percival2005cache,
  title={Cache missing for fun and profit},
  author={Percival, Colin},
  year={2005},
  publisher={BSDCan}
}

@inproceedings{aciiccmez2007yet,
  title={Yet another microarchitectural attack:: exploiting I-cache},
  author={Acii{\c{c}}mez, Onur},
  booktitle={Proceedings of the 2007 ACM workshop on Computer security architecture},
  pages={11--18},
  year={2007},
  organization={ACM}
}

@inproceedings{osvik2006cache,
  title={Cache attacks and countermeasures: the case of AES},
  author={Osvik, Dag Arne and Shamir, Adi and Tromer, Eran},
  booktitle={Cryptographersâ€™ Track at the RSA Conference},
  pages={1--20},
  year={2006},
  organization={Springer}
}

@inproceedings{bonneau2006cache,
  title={Cache-collision timing attacks against AES},
  author={Bonneau, Joseph and Mironov, Ilya},
  booktitle={International Workshop on Cryptographic Hardware and Embedded Systems},
  pages={201--215},
  year={2006},
  organization={Springer}
}

@inproceedings{tiri2007analytical,
  title={An analytical model for time-driven cache attacks},
  author={Tiri, Kris and Ac{\i}i{\c{c}}mez, Onur and Neve, Michael and Andersen, Flemming},
  booktitle={International Workshop on Fast Software Encryption},
  pages={399--413},
  year={2007},
  organization={Springer}
}

@misc{bernstein2005cache,
  title={Cache-timing attacks on AES},
  author={Bernstein, Daniel J},
  year={2005},
  publisher={Technical report}
}

@inproceedings{neve2006advances,
  title={Advances on access-driven cache attacks on AES},
  author={Neve, Michael and Seifert, Jean-Pierre},
  booktitle={International Workshop on Selected Areas in Cryptography},
  pages={147--162},
  year={2006},
  organization={Springer}
}

@inproceedings{gullasch2011cache,
  title={Cache Games--Bringing Access-Based Cache Attacks on AES to Practice},
  author={Gullasch, David and Bangerter, Endre and Krenn, Stephan},
  booktitle={2011 IEEE Symposium on Security and Privacy},
  pages={490--505},
  year={2011},
  organization={IEEE}
}